@inproceedings{huang2017popularity,
  title={Popularity, Mixed Matchings, and Self-duality},
  author={Huang, Chien-Chung and Kavitha, Telikepalli},
  booktitle={Proceedings of the Twenty-Eighth Annual ACM-SIAM Symposium on Discrete Algorithms},
  pages={2294--2310},
  year={2017},
  organization={SIAM}
}

@article{kavitha2011popular,
  title={Popular mixed matchings},
  author={Kavitha, Telikepalli and Mestre, Juli{\'a}n and Nasre, Meghana},
  journal={Theoretical Computer Science},
  volume={412},
  number={24},
  pages={2679--2690},
  year={2011},
  publisher={Elsevier}
}

@inproceedings{huang2011popular,
  title={Popular matchings in the stable marriage problem},
  author={Huang, Chien-Chung and Kavitha, Telikepalli},
  booktitle={International Colloquium on Automata, Languages, and Programming},
  pages={666--677},
  year={2011},
  organization={Springer}
}