@inproceedings{bazzi2017small,
  title={Small extended formulation for knapsack cover inequalities from monotone circuits},
  author={Bazzi, Abbas and Fiorini, Samuel and Huang, Sangxia and Svensson, Ola},
  booktitle={Proceedings of the Twenty-Eighth Annual ACM-SIAM Symposium on Discrete Algorithms},
  pages={2326--2341},
  year={2017},
  organization={SIAM},
}

@article{faenza2015extended,
  title={Extended formulations, nonnegative factorizations, and randomized communication protocols},
  author={Faenza, Yuri and Fiorini, Samuel and Grappe, Roland and Tiwary, Hans Raj},
  journal={Mathematical Programming},
  volume={153},
  number={1},
  pages={75--94},
  year={2015},
  publisher={Springer}
}

@article{braun2016common,
  title={Common information and unique disjointness},
  author={Braun, G{\'a}bor and Pokutta, Sebastian},
  journal={Algorithmica},
  volume={76},
  number={3},
  pages={597--629},
  year={2016},
  publisher={Springer}
}

@article{yannakakis1991expressing,
  title={Expressing combinatorial optimization problems by linear programs},
  author={Yannakakis, Mihalis},
  journal={Journal of Computer and System Sciences},
  volume={43},
  number={3},
  pages={441--466},
  year={1991},
  publisher={Elsevier}
}

@article{pokutta2013note,
  title={A note on the extension complexity of the knapsack polytope},
  author={Pokutta, Sebastian and Van Vyve, Mathieu},
  journal={Operations Research Letters},
  volume={41},
  number={4},
  pages={347--350},
  year={2013},
  publisher={Elsevier}
}


@phdthesis{bazzi2017strengths,
  title={Strengths and Limitations of Linear Programming Relaxations},
  author={Bazzi, Abbas},
  year={2017},
  school={Ecole Polytechnique F{\'e}d{\'e}rale de Lausanne}
}