@book{ AroraB09,
  author    = {Sanjeev Arora and
               Boaz Barak},
  title     = {Computational Complexity - {A} Modern Approach},
  publisher = {Cambridge University Press},
  year      = {2009}
}

@inproceedings{ BabaiFS86,
  author    = {L{\'{a}}szl{\'{o}} Babai and
               Peter Frankl and
               Janos Simon},
  title     = {Complexity classes in communication complexity theory},
  booktitle = {Symposium on Foundations of Computer Science},
  pages     = {337--347},
  year      = {1986}
}

@inproceedings{ BabaiK97,
  author    = {L{\'{a}}szl{\'{o}} Babai and
               Peter G. Kimmel},
  title     = {Randomized Simultaneous Messages: Solution of a Problem of Yao in
               Communication Complexity},
  booktitle = {{IEEE} Conference on Computational Complexity},
  pages     = {239--246},
  year      = {1997}
}

@article{ BabaiGKL03,
  author    = {L{\'{a}}szl{\'{o}} Babai and
               Anna G{\'{a}}l and
               Peter G. Kimmel and
               Satyanarayana V. Lokam},
  title     = {Communication Complexity of Simultaneous Messages},
  journal   = {{SIAM} J. Comput.},
  volume    = {33},
  number    = {1},
  pages     = {137--166},
  year      = {2003}
}

@inproceedings{ BabaiKL95,
  author    = {L{\'{a}}szl{\'{o}} Babai and
               Peter G. Kimmel and
               Satyanarayana V. Lokam},
  title     = {Simultaneous Messages vs. Communication},
  booktitle = {{STACS}},
  pages     = {361--372},
  year      = {1995}
}

@article{ BabaiNS92,
  author    = {L{\'{a}}szl{\'{o}} Babai and
               Noam Nisan and
               Mario Szegedy},
  title     = {Multiparty Protocols, Pseudorandom Generators for Logspace, and Time-Space
               Trade-Offs},
  journal   = {J. Comput. Syst. Sci.},
  volume    = {45},
  number    = {2},
  pages     = {204--232},
  year      = {1992}
}

@article{ BarYossefJKS04,
  author    = {Ziv Bar{-}Yossef and
               T. S. Jayram and
               Ravi Kumar and
               D. Sivakumar},
  title     = {An information statistics approach to data stream and communication
               complexity},
  journal   = {J. Comput. Syst. Sci.},
  volume    = {68},
  number    = {4},
  pages     = {702--732},
  year      = {2004}
}

@inproceedings{ Brassard04,
  author    = {Gilles Brassard},
  title     = {Quantum Communication Complexity: {A} Survey},
  booktitle = {{IEEE} International Symposium on Multiple-Valued Logic {(ISMVL}
               2004)},
  pages     = {56},
  year      = {2004}
}

@article{ Braverman15,
  title={Interactive information complexity},
  author={Braverman, Mark},
  journal={SIAM Journal on Computing},
  volume={44},
  number={6},
  pages={1698--1739},
  year={2015},
  publisher={SIAM}
}

@inproceedings{ Braverman13,
  title={From information to exact communication},
  author={Braverman, Mark and Garg, Ankit and Pankratov, Denis and Weinstein, Omri},
  booktitle={Proceedings of the forty-fifth annual ACM symposium on Theory of computing},
  pages={151--160},
  year={2013},
  organization={ACM}
}

@article{ ChakrabartiR12,
  author    = {Amit Chakrabarti and
               Oded Regev},
  title     = {An Optimal Lower Bound on the Communication Complexity of Gap-Hamming-Distance},
  journal   = {{SIAM} J. Comput.},
  volume    = {41},
  number    = {5},
  pages     = {1299--1317},
  year      = {2012}
}

@inproceedings{ ChakrabartiSWY01,
  author    = {Amit Chakrabarti and
               Yaoyun Shi and
               Anthony Wirth and
               Andrew Chi{-}Chih Yao},
  title     = {Informational Complexity and the Direct Sum Problem for Simultaneous
               Message Complexity},
  booktitle = {Symposium on Foundations of Computer Science ({FOCS} 2001)},
  pages     = {270--278},
  year      = {2001}
}

@inproceedings{ ChandraFL83b,
  author    = {Ashok K. Chandra and
               Merrick L. Furst and
               Richard J. Lipton},
  title     = {Multi-Party Protocols},
  booktitle = {{ACM} Symposium on Theory of Computing},
  pages     = {94--99},
  year      = {1983}
}

@article{ ChattopadhyayP10,
  author    = {Arkadev Chattopadhyay and
               Toniann Pitassi},
  title     = {The story of set disjointness},
  journal   = {{SIGACT} News},
  volume    = {41},
  number    = {3},
  pages     = {59--85},
  year      = {2010}
}

@book{ Chazelle01,
  author    = {Bernard Chazelle},
  title     = {The discrepancy method - randomness and complexity},
  publisher = {Cambridge University Press},
  year      = {2001}
}

@inproceedings{ ChorG85,
  author    = {Benny Chor and
               Oded Goldreich},
  title     = {Unbiased Bits from Sources of Weak Randomness and Probabilistic Communication Complexity},
  booktitle = {Symposium on Foundations of Computer Science},
  pages     = {429--442},
  year      = {1985}
}

@book{ CoverT06,
  author    = {Thomas M. Cover and
               Joy A. Thomas},
  title     = {Elements of information theory {(2.} ed.)},
  publisher = {Wiley},
  year      = {2006}
}

@article{ deWolf02,
  title={Quantum communication and complexity},
  author={De Wolf, Ronald},
  journal={Theoretical computer science},
  volume={287},
  number={1},
  pages={337--353},
  year={2002},
  publisher={Elsevier}
}

@article{ GanorKR16,
  author    = {Anat Ganor and
               Gillat Kol and
               Ran Raz},
  title     = {Exponential Separation of Information and Communication for Boolean
               Functions},
  journal   = {J. {ACM}},
  volume    = {63},
  number    = {5},
  pages     = {46:1--46:31},
  year      = {2016}
}

@article{ Grolmusz94,
  author    = {Vince Grolmusz},
  title     = {The {BNS} Lower Bound for Multi-Party Protocols in Nearly Optimal},
  journal   = {Inf. Comput.},
  volume    = {112},
  number    = {1},
  pages     = {51--54},
  year      = {1994}
}

@misc{ Hatami16,
  author = {Hamed Hatami},
  title = {Introduction to communication and information complexity},
  note = {Lecture notes},
  url = {https://www.cs.mcgill.ca/~hatami/comp760-W2016/},
  year = {2016}
}

@inproceedings{ IndykW03,
  author    = {Piotr Indyk and
               David P. Woodruff},
  title     = {Tight Lower Bounds for the Distinct Elements Problem},
  booktitle = {Foundations of Computer Science ({FOCS} 2003)},
  pages     = {283--288},
  year      = {2003}
}

@inproceedings{ Jayram10,
 author = {T.S. Jayram},
 title = {Information Complexity: A Tutorial},
 booktitle = {{ACM} Symposium on Principles of Database Systems (PODS '10)},
 pages = {159--168},
 year = {2010}
}

@book{ Jukna12,
  author    = {Stasys Jukna},
  title     = {Boolean Function Complexity - Advances and Frontiers},
  series    = {Algorithms and combinatorics},
  volume    = {27},
  publisher = {Springer},
  year      = {2012}
}

@article{ KalyanasundaramS92,
  author    = {Bala Kalyanasundaram and
               Georg Schnitger},
  title     = {The Probabilistic Communication Complexity of Set Intersection},
  journal   = {{SIAM} J. Discrete Math.},
  volume    = {5},
  number    = {4},
  pages     = {545--557},
  year      = {1992}
}

@article{ Kerenidis15,
  title={Lower bounds on information complexity via zero-communication protocols and applications},
  author={Kerenidis, Iordanis and Laplante, Sophie and Lerays, Virginie and Roland, J{\'e}r{\'e}mie and Xiao, David},
  journal={SIAM Journal on Computing},
  volume={44},
  number={5},
  pages={1550--1572},
  year={2015},
  publisher={SIAM}
}

@inproceedings{ Klauck00,
  author    = {Hartmut Klauck},
  title     = {Quantum Communication Complexity},
  booktitle = {Satelite Workshops of the International Colloquium on Automata, Languages and Programming ({ICALP} Workshops 2000)},
  pages     = {241--252},
  year      = {2000}
}

@article{ KremerNR99,
  author    = {Ilan Kremer and
               Noam Nisan and
               Dana Ron},
  title     = {On Randomized One-Round Communication Complexity},
  journal   = {Computational Complexity},
  volume    = {8},
  number    = {1},
  pages     = {21--49},
  year      = {1999}
}

@book{ KushilevitzN97,
  author    = {Eyal Kushilevitz and
               Noam Nisan},
  title     = {Communication complexity},
  publisher = {Cambridge University Press},
  year      = {1997}
}

@article{ LeeS09,
  author    = {Troy Lee and
               Adi Shraibman},
  title     = {Lower Bounds in Communication Complexity},
  journal   = {Foundations and Trends in Theoretical Computer Science},
  volume    = {3},
  number    = {4},
  pages     = {263--398},
  year      = {2009}
}

@inproceedings{ LiptonS81,
  author    = {Richard J. Lipton and
               Robert Sedgewick},
  title     = {Lower Bounds for {VLSI}},
  booktitle = {{ACM} Symposium on Theory of Computing},
  pages     = {300--307},
  year      = {1981}
}

@article{ Lokam09,
  author    = {Satyanarayana V. Lokam},
  title     = {Complexity Lower Bounds using Linear Algebra},
  journal   = {Foundations and Trends in Theoretical Computer Science},
  volume    = {4},
  number    = {1-2},
  pages     = {1--155},
  year      = {2009}
}

@techreport{ Lovasz89,
  author = {L{\'a}szl{\'o} Lov{\'a}sz},
  title = {Communication complexity: a survey},
  number = {TR-204-89},
  institution = {Princeton University},
  url = {https://www.cs.princeton.edu/research/techreps/TR-204-89},
  year = {1989}
}

@inproceedings{ MehlhornS82,
  author    = {Kurt Mehlhorn and
               Erik Meineche Schmidt},
  title     = {Las Vegas Is better than Determinism in {VLSI} and Distributed Computing},
  booktitle = {{ACM} Symposium on Theory of Computing},
  pages     = {330--337},
  year      = {1982}
}

@article{ Newman91,
  author    = {Ilan Newman},
  title     = {Private vs. Common Random Bits in Communication Complexity},
  journal   = {Information Processing Letters},
  volume    = {39},
  number    = {2},
  pages     = {67--71},
  year      = {1991}
}

@inproceedings{ NewmanS96,
  author    = {Ilan Newman and
               Mario Szegedy},
  title     = {Public vs. Private Coin Flips in One Round Communication Games},
  booktitle = {{ACM} Symposium on the Theory of Computing},
  pages     = {561--570},
  year      = {1996}
}

@article{ NisanW93,
  author    = {Noam Nisan and
               Avi Wigderson},
  title     = {Rounds in Communication Complexity Revisited},
  journal   = {{SIAM} J. Comput.},
  volume    = {22},
  number    = {1},
  pages     = {211--219},
  year      = {1993}
}

@article{ PapadimitriouS84,
  author    = {Christos H. Papadimitriou and
               Michael Sipser},
  title     = {Communication Complexity},
  journal   = {J. Comput. Syst. Sci.},
  volume    = {28},
  number    = {2},
  pages     = {260--269},
  year      = {1984}
}

@misc{ Pitassi14,
  author = {Toniann Pitassi},
  title = {Communication Complexity: Applications and New Directions},
  note = {Lecture notes},
  url = {https://www.cs.toronto.edu/~toni/Courses/CommComplexity2014/CS2429.html},
  year = {2014}
}

@unpublished{ RaoYehudayoff18,
  author = {Anup Rao and Amir Yehudayoff},
  title = {Communication complexity},
  note = {Manuscript},
  url = {https://homes.cs.washington.edu/~anuprao/pubs/book.pdf},
  year = {2018}
}

@misc{ Raz00,
  author = {Ran Raz},
  title = {Circuit and communication complexity},
  note = {Lecture notes 4--8 in IAS Summer School},
  url = {http://www.wisdom.weizmann.ac.il/~ranraz/lecturenotes/index.html},
  year = {2000}
}

@article{ Roughgarden16,
  author    = {Tim Roughgarden},
  title     = {Communication Complexity (for Algorithm Designers)},
  journal   = {Foundations and Trends in Theoretical Computer Science},
  volume    = {11},
  number    = {3-4},
  pages     = {217--404},
  year      = {2016}
}

@misc{ Sherstov12,
  author = {Alexander A. Sherstov},
  title = {Communication complexity},
  note = {Lecture notes},
  url = {http://web.cs.ucla.edu/~sherstov/teaching/2012-winter/},
  year = {2012}
}

@article{Sherstov12ghd,
  author    = {Alexander A. Sherstov},
  title     = {The Communication Complexity of Gap Hamming Distance},
  journal   = {Theory of Computing},
  volume    = {8},
  number    = {1},
  pages     = {197--208},
  year      = {2012}
}

@inproceedings{ Sherstov14,
  author    = {Alexander A. Sherstov},
  title     = {Communication Complexity Theory: Thirty-Five Years of Set Disjointness},
  booktitle = {Mathematical Foundations of Computer Science ({MFCS} 2014)},
  pages     = {24--43},
  year      = {2014}
}

@article{ Vidick13,
  author    = {Thomas Vidick},
  title     = {A concentration inequality for the overlap of a vector on a large
               set, with application to the communication complexity of the Gap-Hamming-Distance
               problem},
  journal   = {Chicago J. Theor. Comput. Sci.},
  volume    = {2013},
  year      = {2013}
}

@inproceedings{ Yao79,
  author    = {Andrew Chi{-}Chih Yao},
  title     = {Some Complexity Questions Related to Distributive Computing},
  booktitle = {{ACM} Symposium on Theory of Computing},
  pages     = {209--213},
  year      = {1979}
}

@inproceedings{ Yao83,
  author    = {Andrew Chi{-}Chih Yao},
  title     = {Lower Bounds by Probabilistic Arguments},
  booktitle = {Symposium on Foundations of Computer Science},
  pages     = {420--428},
  year      = {1983}
}