
@inproceedings{grover1996fast,
  title={A fast quantum mechanical algorithm for database search},
  author={Grover, Lov K},
  booktitle={Proceedings of the twenty-eighth annual ACM symposium on Theory of computing},
  pages={212--219},
  year={1996},
  organization={ACM}
}

@book{cormen2009introduction,
  title={Introduction to algorithms},
  author={Cormen, Thomas H},
  year={2009},
  publisher={MIT press}
}

@inproceedings{mucha2004maximum,
  title={Maximum matchings via Gaussian elimination},
  author={Mucha, Marcin and Sankowski, Piotr},
  booktitle={Foundations of Computer Science, 2004. Proceedings. 45th Annual IEEE Symposium on},
  pages={248--255},
  year={2004},
  organization={IEEE}
}

@article{hopkroft1973n5,
  title={An n5= 2 algorithm for maximum matching in bipartite graphs},
  author={Hopkroft, John E and Karp, Richard M},
  journal={SIAM J. Comput},
  volume={2},
  pages={225--231},
  year={1973}
}


@article{boyer1996tight,
  title={Tight bounds on quantum searching},
  author={Boyer, Michel and Brassard, Gilles and H{\o}yer, Peter and Tapp, Alain},
  journal={arXiv preprint quant-ph/9605034},
  year={1996}
}

@inproceedings{ambainis2006quantum,
  title={Quantum algorithms for matching and network flows},
  author={Ambainis, Andris and Spalek, Robert},
  booktitle={STACS},
  pages={172--183},
  year={2006},
  organization={Springer}
}

@article{goldberg1998beyond,
  title={Beyond the flow decomposition barrier},
  author={Goldberg, Andrew V and Rao, Satish},
  journal={Journal of the ACM (JACM)},
  volume={45},
  number={5},
  pages={783--797},
  year={1998},
  publisher={ACM}
}

@inproceedings{durr2004quantum,
  title={Quantum query complexity of some graph problems},
  author={D{\"u}rr, Christoph and Heiligman, Mark and H{\o}yer, Peter and Mhalla, Mehdi},
  booktitle={International Colloquium on Automata, Languages, and Programming},
  pages={481--493},
  year={2004},
  organization={Springer}
}


@article{even1975network,
  title={Network flow and testing graph connectivity},
  author={Even, Shimon and Tarjan, R Endre},
  journal={SIAM journal on computing},
  volume={4},
  number={4},
  pages={507--518},
  year={1975},
  publisher={SIAM}
}


@book{cook2009combinatorial,
  title={Combinatorial optimization},
  author={Cook, William J and Cunningham, WH and Pulleyblank, WR and Schrijver, A},
  year={2009},
  publisher={Springer}
}

@article{edmonds1965paths,
  title={Paths, trees, and flowers},
  author={Edmonds, Jack},
  journal={Canadian Journal of mathematics},
  volume={17},
  number={3},
  pages={449--467},
  year={1965}
}


@article{nevsetvril2001otakar,
  title={Otakar Boruvka on minimum spanning tree problem translation of both the 1926 papers, comments, history},
  author={Ne{\v{s}}et{\v{r}}il, Jaroslav and Milkov{\'a}, Eva and Ne{\v{s}}et{\v{r}}ilov{\'a}, Helena},
  journal={Discrete mathematics},
  volume={233},
  number={1-3},
  pages={3--36},
  year={2001},
  publisher={Elsevier}
}

@article{zhang2005power,
  title={On the power of Ambainis lower bounds},
  author={Zhang, Shengyu},
  journal={Theoretical Computer Science},
  volume={339},
  number={2-3},
  pages={241--256},
  year={2005},
  publisher={Elsevier}
}