@article{boedigheimer2015individual,
  title={Individual Oral Exams in Mathematics Courses: 10 Years of Experience at the Air Force Academy},
  author={Boedigheimer, Ralph and Ghrist, Michelle and Peterson, Dale and Kallemyn, Benjamin},
  journal={Primus},
  volume={25},
  number={2},
  pages={99--120},
  year={2015},
  publisher={Taylor \& Francis}
}

@article{capaldi2014non,
  title={Non-traditional methods of teaching abstract algebra},
  author={Capaldi, Mindy},
  journal={PRIMUS},
  volume={24},
  number={1},
  pages={12--24},
  year={2014},
  publisher={Taylor \& Francis}
}

@article{stanger2012multiple,
  title={Multiple-choice exams: an obstacle for higher-level thinking in introductory science classes},
  author={Stanger-Hall, Kathrin F},
  journal={CBEâ€”Life Sciences Education},
  volume={11},
  number={3},
  pages={294--306},
  year={2012},
  publisher={Am Soc Cell Biol}
}

@article{perrella2015being,
  title={On being examined: do students and faculty agree?},
  author={Perrella, Andrew and Koenig, Joshua and Kwon, Henry and Nastos, Stash and Rangachari, PK},
  journal={Advances in physiology education},
  volume={39},
  number={4},
  pages={320--326},
  year={2015},
  publisher={American Physiological Society Bethesda, MD}
}

@article{rieger2014examinations,
  title={Examinations that support collaborative learning: The students' perspective},
  author={Rieger, Georg W and Heiner, Cynthia E},
  journal={Journal of College Science Teaching},
  volume={43},
  number={4},
  pages={41--47},
  year={2014},
  publisher={JSTOR}
}

@article{corrigan2013asking,
  title={Asking the right questions: using student-written exams as an innovative approach to learning and evaluation},
  author={Corrigan, Hope and Craciun, Georgiana},
  journal={Marketing Education Review},
  volume={23},
  number={1},
  pages={31--36},
  year={2013},
  publisher={Taylor \& Francis}
}

@article{turner2010assessment,
  title={Are assessment environments gendered? An analysis of the learning responses of male and female students to different assessment environments},
  author={Turner, Gill and Gibbs, Graham},
  journal={Assessment \& Evaluation in Higher Education},
  volume={35},
  number={6},
  pages={687--698},
  year={2010},
  publisher={Routledge}
}

@article{myers2007assessing,
  title={Assessing assessment: The effects of two exam formats on course achievement and evaluation},
  author={Myers, Carrie B and Myers, Scott M},
  journal={Innovative Higher Education},
  volume={31},
  number={4},
  pages={227--236},
  year={2007},
  publisher={Springer}
}

@article{gharib2012cheat,
  title={Cheat Sheet or Open-Book? A Comparison of the Effects of Exam Types on Performance, Retention, and Anxiety.},
  author={Gharib, Afshin and Phillips, William and Mathew, Noelle},
  journal={Online Submission},
  volume={2},
  number={8},
  pages={469--478},
  year={2012},
  publisher={ERIC}
}

@article{block2012discussion,
  title={A discussion of the effect of open-book and closed-book exams on student achievement in an introductory statistics course},
  author={Block, Robert M},
  journal={PRIMUS},
  volume={22},
  number={3},
  pages={228--238},
  year={2012},
  publisher={Taylor \& Francis}
}

@article{funk2011multiple,
  title={Multiple-choice and short-answer exam performance in a college classroom},
  author={Funk, Steven C and Dickson, K Laurie},
  journal={Teaching of Psychology},
  volume={38},
  number={4},
  pages={273--277},
  year={2011},
  publisher={Sage Publications Sage CA: Los Angeles, CA}
}