@article{arora2012multiplicative,
  title={The Multiplicative Weights Update Method: a Meta-Algorithm and Applications.},
  author={Arora, Sanjeev and Hazan, Elad and Kale, Satyen},
  journal={Theory of Computing},
  volume={8},
  number={1},
  pages={121--164},
  year={2012}
}

@article{freund1999adaptive,
  title={Adaptive game playing using multiplicative weights},
  author={Freund, Yoav and Schapire, Robert E},
  journal={Games and Economic Behavior},
  volume={29},
  number={1-2},
  pages={79--103},
  year={1999},
  publisher={Elsevier}
}

@inproceedings{bhalgat2013optimal,
  title={Optimal auctions via the multiplicative weight method},
  author={Bhalgat, Anand and Gollapudi, Sreenivas and Munagala, Kamesh},
  booktitle={Proceedings of the fourteenth ACM conference on Electronic commerce},
  pages={73--90},
  year={2013},
  organization={ACM}
}

@inproceedings{buchbinder2007online,
  title={Online primal-dual algorithms for maximizing ad-auctions revenue},
  author={Buchbinder, Niv and Jain, Kamal and Naor, Joseph Seffi},
  booktitle={European Symposium on Algorithms},
  pages={253--264},
  year={2007},
  organization={Springer}
}

@article{buchbinder2009design,
  title={The design of competitive online algorithms via a primal--dual approach},
  author={Buchbinder, Niv and Naor, Joseph Seffi and others},
  journal={Foundations and Trends{\textregistered} in Theoretical Computer Science},
  volume={3},
  number={2--3},
  pages={93--263},
  year={2009},
  publisher={Now Publishers, Inc.}
}

@article{mehta2007adwords,
  title={Adwords and generalized online matching},
  author={Mehta, Aranyak and Saberi, Amin and Vazirani, Umesh and Vazirani, Vijay},
  journal={Journal of the ACM (JACM)},
  volume={54},
  number={5},
  pages={22},
  year={2007},
  publisher={ACM}
}